@article{BAJAJ1998,
title = {Topology preserving data simplification with error bounds},
journal = {Computers \& Graphics},
volume = {22},
number = {1},
pages = {3-12},
year = {1998},
author = {C. L. Bajaj and D. R. Schikore}
}

@article{Biasotti:2008,
author = {S. Biasotti and L. {De Floriani} and B. Falcidieno and P. Frosini and D. Giorgi and C. Landi and L. Papaleo and M. Spagnuolo},
title = {Describing shapes by geometrical-topological properties of real functions},
journal = {ACM Comput. Surv.},
volume = {40},
number = {4},
pages = {1--87},
year = {2008}
}

@INPROCEEDINGS{Bremer:2003,
  author={Bremer, P.-T. and Edelsbrunner, H. and Hamann, B. and Pascucci, V.},
  booktitle={IEEE Visualization, 2003}, 
  title={A multi-resolution data structure for two-dimensional Morse-Smale functions}, 
  year={2003},
   pages={139-146},
  }

@inproceedings{Danovaro:2003,
author = {Danovaro, E. and {De Floriani}, L. and Magillo, P. and Mesmoudi, M. M. and Puppo, E.},
title = {Morphology-Driven Simplification and Multiresolution Modeling of Terrains},
year = {2003},
booktitle = {Proc. 11th ACM Int. Symp. on Advances in Geographic Information Systems},
pages = {63–70}
}

@InProceedings{degiorgis2015,
author="{De Giorgis}, N.
and Rocca, L.
and Puppo, E.",
editor="Murino, V.
and Puppo, E.",
title="Scale-Space Techniques for Fiducial Points Extraction from 3D Faces",
booktitle="Image Analysis and Processing --- ICIAP 2015",
year="2015",
publisher="Springer International Publishing",
pages="421--431"
}

@article{DEY2018,
title = {Edge contraction in persistence-generated discrete Morse vector fields},
journal = {Computers \& Graphics},
volume = {74},
pages = {33-43},
year = {2018},
author = {T.K. Dey and R. Slechta}
}

@article{Edelsbrunner:2002ve,
author = {Edelsbrunner, H and Letscher, D and Zomorodian, A},
title = {{Topological persistence and simplification}},
journal = {Discrete and Computational Geometry},
year = {2002},
volume = {28},
number = {4},
pages = {511--533}
}

@article{Edelsbrunner:2003dn,
author = {Edelsbrunner, Herbert and Harer, John and Zomorodian, Afra},
title = {{Hierarchical Morse--Smale Complexes for Piecewise Linear 2-Manifolds}},
journal = {Discrete and Computational Geometry},
year = {2003},
volume = {30},
number = {1},
pages = {87--107}
}

@book{Edelsbrunner:2010,
author ={H. Edelsbrunner and J. Harer},
title = {Computational Topology: An Introduction},
publisher = {American Mathematical Society}, 
year = {2010}
}

@article{Florack:2000wg,
author = {Florack, L. and Kuijper, A.},
title = {{The Topological Structure of Scale-Space Images}},
journal = {Jou. of Math. Imaging and Vision},
year = {2000},
volume = {12},
number = {1},
pages = {65--79}
}

@article{FORMAN1998,
title = {Morse Theory for Cell Complexes},
journal = {Advances in Mathematics},
volume = {134},
number = {1},
pages = {90--145},
year = {1998},
author = {R. Forman}
}

@article{Frosini:1999,
author = {P. Frosini and C. Landi},
title = {Size theory as a topological tool for computer vision},
journal = {Pattern Recognition and Image Analysis}, 
volume = 9,
pages = {596–603}, 
year =1999
}

@inproceedings{Fugacci:2020,
author = {Fugacci, U. and Kerber, M. and Manet, H.},
title = {Topology-Preserving Terrain Simplification},
year = {2020},
ooktitle = {Proc. 28th Int. Conf. on Advances in Geographic Information Systems},
pages = {36–47}
}

@article{GRIFFIN1995,
title = {Superficial and deep structure in linear diffusion scale space: isophotes, critical points and separatrices},
journal = {Image and Vision Computing},
volume = {13},
number = {7},
pages = {543-557},
year = {1995},
author = {L. D. Griffin and A. C. F. Colchester},
}

@article{IURICICH2017,
title = {Hierarchical Forman Triangulation: A multiscale model for scalar field analysis},
journal = {Computers \& Graphics},
volume = {66},
pages = {113-123},
year = {2017},
author = {F. Iuricich and L. {De Floriani}}
}

@ARTICLE{koenderink84,
  AUTHOR = {Koenderink, J. J.},
  TITLE = {The structure of images},
  JOURNAL = {Biological Cybernetics},
  YEAR = 1984,
  VOLUME = 50,
  PAGES = {363--370}
}

@BOOK{lindeberg94,
  AUTHOR = {Lindeberg, T.},
  TITLE = {Scale-Space Theory in Computer Vision},
  PUBLISHER = {Kluwer Academic Publishers},
  YEAR = 1994
}

@article{Lindeberg:2022vo,
author = {Lindeberg, T.},
title = {{Scale-Covariant and Scale-Invariant Gaussian Derivative Networks}},
journal = {Journal of Mathematical Imaging and Vision},
year = {2022},
volume = {64},
number = {3},
pages = {223--242}
}

@book{matsumoto02,
author={Y. Matsumoto},
title ={An Introduction to Morse Theory},
publisher={American Mathematical Society}, 
year = 2002,
series = {Translations of Math.\ Monographs},
volume = 208
}

@book{milnor65,
author = {Milnor, J.},
title = {Topology from the differentiable viewpoint},
publisher = {Univ. Press Virginia},
year = {1965}
}

@MISC{visionbib,
author = {Keith Price},
title = {Annotated Computer Vision Bibliography},
url = {http://www.visionbib.com/bibliography/contents.html},
year = {2023},
}


@article{reininghaus11,
author = {J. Reininghaus and N. Kotava and D. Guenther and J. Kasten and H. Hagen and I. Hotz},
title = {A Scale Space Based Persistence Measure for Critical Points in 2D Scalar Fields},
journal ={IEEE Trans. Vis. and Comp. Graph.},
volume = {17},
number = {12},
year = {2011},
pages = {2045-2052}
}

@incollection{Rocca:2013,
year={2013},
booktitle={Image Analysis and Processing - ICIAP 2013},
volume={8157},
series={Lecture Notes in Computer Science},
editor={Petrosino, Alfredo},
title={A Virtually Continuous Representation of the Deep Structure of Scale-Space},
publisher={Springer Berlin Heidelberg},
author={Rocca, L. and Puppo, E.},
pages={522--531}
}

@article{Rocca:2017fv,
author = {Rocca, L and Jenny, B and Puppo, E},
title = {{A continuous scale-space method for the automated placement of spot heights on maps}},
journal = {Computers {\&} Geosciences},
year = {2017}
}

@inproceedings{Song:2021,
author = {Song, Y. and Fellegara, R. and Iuricich, F. and {De Floriani}, L.},
title = {Efficient Topology-Aware Simplification of Large Triangulated Terrains},
year = {2021},
publisher = {ACM},
address = {New York, NY, USA},
booktitle = {Proc. 29th Int. Cont. on Advances in Geographic Information Systems},
pages = {576–587}
}

@INPROCEEDINGS{witkin83,
  AUTHOR = {Witkin, A. P.},
  TITLE = {Scale-space filtering},
  BOOKTITLE = {Proc. 8th Int. Joint Conf. Art. Intell.},
  PAGES = {1019--1022},
  YEAR = 1983,
  ADDRESS = {Karlsruhe, Germany},
  MONTH = {August}
}

@misc{deferranti,
author = {Jonathan de Ferranti},
title = {Viewfinder Panoramas},
url = {http://www.viewfinderpanoramas.org/dem3.html},
year = 2012
}






@article{Wolf:2024,
author = {Wolf, Gert W.},
title = {Delineation of basins and hills by Morse theory and critical nets},
journal = {Transactions in GIS},
volume = {28},
number = {5},
pages = {1254-1289},
year = {2024}
}

@article{Robins:2011,
  author={Robins, V. and Wood, P.J. and Sheppard, A.P.},
  journal={IEEE Trans.\ Pattern Analysis and Machine Intelligence}, 
  title={Theory and Algorithms for Constructing Discrete Morse Complexes from Grayscale Digital Images}, 
  year={2011},
  volume={33},
  number={8},
  pages={1646-1658},
}

@ARTICLE{Gyulassy:2012,
  author={Gyulassy, Attila and Bremer, Peer-Timo and Pascucci, Valerio},
  journal={IEEE Trans. on Vis.\ and Comp.\ Graph.}, 
  title={Computing Morse-Smale Complexes with Accurate Geometry}, 
  year={2012},
  volume={18},
  number={12},
  pages={2014-2022}
}

@misc{reininghaus2012,
      title={Combinatorial Gradient Fields for 2D Images with Empirically Convergent Separatrices}, 
      author={Jan Reininghaus and David Günther and Ingrid Hotz and Tino Weinkauf and Hans Peter Seidel},
      year={2012},
      eprint={1208.6523},
      archivePrefix={arXiv},
      primaryClass={cs.CV},
      url={https://arxiv.org/abs/1208.6523}, 
}

@INPROCEEDINGS{thanh2024,
  author={Thanh, S.L. and Ankele, M. and Weinkauf, T.},
  booktitle={2024 IEEE Topological Data Analysis and Visualization}, 
  title={Revisiting Accurate Geometry for Morse-Smale Complexes}, 
  year={2024},
  pages={34-43}
}
  
@inproceedings{Magillo:2013,
author = {Magillo, Paola and De Floriani, Leila and Iuricich, Federico},
title = {Morphologically-aware elimination of flat edges from a TIN},
year = {2013},
publisher = {ACM},
address = {New York, NY, USA},
booktitle = {Proceedings of the 21st ACM SIGSPATIAL},
pages = {244–253},
location = {Orlando, Florida}
}

@ARTICLE{Gyulassy:2007,
  author={Gyulassy, Attila and Duchaineau, Mark and Natarajan, Vijay and Pascucci, Valerio and Bringa, Eduardo and Higginbotham, Andrew and Hamann, Bernd},
  journal={IEEE Trans.\ on Vis.\ and Comp. Graph.}, 
  title={Topologically Clean Distance Fields}, 
  year={2007},
  volume={13},
  number={6},
  pages={1432-1439}
}

@inproceedings{Cazals:2003,
author = {Cazals, F. and Chazal, F. and Lewiner, T.},
title = {Molecular shape analysis based upon the Morse-Smale complex and the Connolly function},
booktitle = {Proceedings of the Nineteenth Annual Symposium on Computational Geometry},
year = {2003},
publisher = {ACM},
address = {New York, NY, USA},
pages = {351–360},
location = {San Diego, California, USA}
}

@article{Gunther:2012,
author = {G\"{u}nther, D. and Seidel, H.-P. and Weinkauf, T.},
title = {Extraction of Dominant Extremal Structures in Volumetric Data Using Separatrix Persistence},
year = {2012},
volume = {31},
number = {8},
journal = {Comput. Graph. Forum},
pages = {2554–2566}
}

@ARTICLE{Sahner:2007,
  author={Sahner, Jan and Weinkauf, Tino and Teuber, Nathalie and Hege, Hans-Christian},
  journal={IEEE Trans. on Vis.\ and Comp.\ Graph.}, 
  title={Vortex and Strain Skeletons in Eulerian and Lagrangian Frames}, 
  year={2007},
  volume={13},
  number={5},
  pages={980-990}
}

@inproceedings{Weinkauf:2009,
author = {Weinkauf, T. and G\"{u}nther, D.},
title = {Separatrix persistence: extraction of salient edges on surfaces using topological methods},
year = {2009},
publisher = {Eurographics Association},
booktitle = {Proc.\ Symp.\ on Geometry Processing},
pages = {1519–1528},
location = {Berlin, Germany}
}

@inproceedings{Dey:2017,
author = {Dey, T.K. and Wang, Ji. and Wang, Y.},
title = {Improved Road Network Reconstruction using Discrete Morse Theory},
year = {2017},
publisher = {ACM},
booktitle = {Proc. 25th ACM SIGSPATIAL},
location = {Redondo Beach, CA, USA}
}

@article{Olejniczak:2020,
author = {Olejniczak, Małgorzata and Severo Pereira Gomes, André and Tierny, Julien},
title = {A Topological Data Analysis perspective on noncovalent interactions in relativistic calculations},
journal = {Int.\ Jou.\ of Quantum Chemistry},
volume = {120},
number = {8},
pages = {e26133},
year = {2020}
}

@ARTICLE{Valsangkar:2019,
  author={Valsangkar, Akash Anil and Monteiro, Joy Merwin and Narayanan, Vidya and Hotz, Ingrid and Natarajan, Vijay},
  journal={IEEE Trans. on Vis.\ and Comp.\ Graph.}, 
  title={An Exploratory Framework for Cyclone Identification and Tracking}, 
  year={2019},
  volume={25},
  number={3},
  pages={1460-1473},
 }
 
 @inproceedings{Xu:2020,
author = {Xu, Xin and Iuricich, Federico and De Floriani, Leila},
title = {A Persistence-Based Approach for Individual Tree Mapping},
year = {2020},
publisher = {ACM},
booktitle = {Proceedings 28th ACM SIGSPATIAL},
pages = {191–194},
location = {Seattle, WA, USA}
}

@article{SKAF2022,
title = {Topological data analysis in biomedicine: A review},
journal = {Journal of Biomedical Informatics},
volume = {130},
year = {2022},
author = {Yara Skaf and Reinhard Laubenbacher}
}

@book{Dey_Wang_2022, 
place={Cambridge}, 
title={Computational Topology for Data Analysis}, 
publisher={Cambridge University Press}, 
author={Dey, Tamal Krishna and Wang, Yusu}, 
year={2022}
}

@book{Rabadan_Blumberg_2019, 
place={Cambridge}, 
title={Topological Data Analysis for Genomics and Evolution: Topology in Biology},
publisher={Cambridge University Press}, 
author={Rabadan, Raul and Blumberg, Andrew J.}, 
year={2019}
}

@book{Tierny:2017, 
title={Topological Data Analysis for Scientific Visualization}, 
publisher={Springer}, 
author={Julien Tierny}, 
year={2017}
}

@misc{SRTM,
title={Shuttle Radar Topography Mission},
author={NASA},
url={https://www.earthdata.nasa.gov/sensors/srtm},
year={2000}
}

@misc{ALOS,
title={Advanced Land Observing Satellite},
author={JASP},
url={https://www.eorc.jaxa.jp/ALOS/en/dataset/aw3d\_e.htm},
year={2016}
}

@misc{ASTER,
title={Advanced Spaceborn Thermal Emission and Reflection Radiometer},
author={NASA and JASP},
url={https://asterweb.jpl.nasa.gov/gdem.asp},
year={2019}
}

@UNPUBLISHED{dhm25,
   author = {Swisstopo},
   title = {DHM25 Matrix Model},
   publisher = {Swiss Federal Office of Topography},
   address = {Seftigenstr. 264 CH-3084 Wabern},
   year = {2015},
   url={https://www.swisstopo.admin.ch/en/height-model-dhm25},
}

@unpublished{viewpano,
author = {Jonathan de Ferranti},
title = {Viewfinder Panoramas},
url={http://www.viewfinderpanoramas.org/dem3.html},
year = {2023}
}

@Inbook{Biasotti2008,
author="Biasotti, Silvia
and De Floriani, Leila
and Falcidieno, Bianca
and Papaleo, Laura",
editor="De Floriani, Leila
and Spagnuolo, Michela",
title="Morphological Representations of Scalar Fields",
bookTitle="Shape Analysis and Structuring",
year="2008",
pages="185--213",
publisher="Springer Berlin Heidelberg",
address="Berlin, Heidelberg",
//abstract="We consider the problem of representing and extracting morphological information from scalar fields. We focus on the analysis and comparison of algorithms for morphological representation of both 2D and 3D scalar fields. We review algorithms which compute a decomposition of the domain of a scalar field into a Morse and Morse-Smale complex and algorithms which compute a topological representation of the level sets of a scalar field, called a contour tree. Extensions of the morphological representations discussed in the chapter are briefly discussed.",
//isbn="978-3-540-33265-7",
//doi="10.1007/978-3-540-33265-7_6",
//url="https://doi.org/10.1007/978-3-540-33265-7_6"
}

@article{Nardi2008,
author = {Nardi, F. and Grimaldi, S. and Santini, M. and Petroselli, A. and Ubertini, L.},
title = {Hydrogeomorphic properties of simulated drainage patterns using digital elevation models: the flat area issue},
journal = {Hydro.\ Sci.\ Jou.},
volume = {53},
number = {6},
pages = {1176--1193},
year = {2008},
publisher = {Taylor \& Francis},
//doi = {10.1623/hysj.53.6.1176}
}

@article{ttk,
  author = "Tierny, J. and Favelier, G. and Levine, J.A. and Gueunet, C. and Michaux, M.",
  title = "The {T}opology {T}ool{K}it",
  journal = "{IEEE Trans. on Vis.\ and Comp.\ Graph.}",
 volume={24},
  number={1},
  pages={832-842},
  year = "2017"
}

@inproceedings{ttk19,
  author = "
  Bin Masood, Talha and Budin, Joseph and Falk, Martin and  Favelier, Guillaume and 
  Garth, Christoph and Gueunet, Charles and  Guillou, Pierre and
  Hofmann, Lutz and Hristov, Petar and 
  Kamakshidasan, Adhitya and  
  Kappe, Christopher and Klacansky, Pavol and 
  Laurin, Patrick and 
  Levine, Joshua and  Lukasczyk, Jonas and   Sakurai, Daisuke and  Soler, Maxime 
  and Steneteg, Peter 
  and  Tierny, Julien and  Usher, Will and  Vidal, Jules and  Wozniak, Michal",
  title = "{An Overview of the Topology ToolKit}",
  booktitle = "{TopoInVis}",
  year = "2019"
}

@article{leguillou_tvcg24,
  author = "Le Guillou, E. and Will, M. and Guillou, P. and Lukasczyk, J. and Fortin, P. and Garth, C. and Tierny, J.",
  title = {{TTK is Getting MPI-Ready}},
  journal = "{IEEE Trans. on Vis.\ and Comp.\ Graph.}",
  year = "2024"
}

@misc{scivis2021,
title={SciVis Contest 2021 Data},
author={R. Pysklywec and H. Shahnas},
url={https://scivis2021.netlify.app/data/},
year={2021}
}

@misc{LFCT,
title={Low-Frame-Rate Cell Tracking dataset},
author={DaVisLab},
url={https://davislab.github.io/LFCT-dataset/},
year={2025}
}

@inproceedings{Rocca:2024,
booktitle = {Smart Tools and Applications in Graphics - Eurographics Italian Chapter Conference},
editor = {Caputo, A. and Garro, V. and Giachetti, A. and Castellani, U. and Dulecha, T.G.},
title = {{Disambiguating Flat Spots in Digital Elevation Models}},
author = {Rocca, L. and Puppo, E.},
year = {2024},
publisher = {The Eurographics Association}
}


@article{SOS,
author = {Edelsbrunner, Herbert and M\"{u}cke, Ernst Peter},
title = {Simulation of simplicity: a technique to cope with degenerate cases in geometric algorithms},
year = {1990},
journal = {ACM Trans.\ on Graph.},
volume = {9},
number = {1},
pages = {66–104}
}

@article{Heine2016,
  title = {A {{Survey}} of {{Topology-based Methods}} in {{Visualization}}},
  author = {Heine, C. and Leitte, H. and Hlawitschka, M. and Iuricich, F. and De Floriani, L. and Scheuermann, G. and Hagen, H. and Garth, C.},
  year = {2016},
  month = jun,
  journal = {Comp.\ Graph.\ Forum},
  volume = {35},
  number = {3},
  pages = {643--667}
}

@inproceedings{Soler2018,
  title = {Topologically {{Controlled Lossy Compression}}},
  booktitle = {2018 {{IEEE Pacific Vis.\ Symp.}} },
  author = {Soler, Maxime and Plainchault, Melanie and Conche, Bruno and Tierny, Julien},
  date = {2018-04},
  pages = {46--55},
  publisher = {IEEE},
  location = {Kobe}
}

@article{Smale63,
author = {S. Smale}, 
title = {Stable manifolds for diﬀerential equations and diﬀeomorphisms},
journal = {Ann. Scuola Norm. Sup. Pisa},
volune = 17,
year = 1963, 
pages = {97-–116}
}

@inproceedings{Rocca23,
author = {Rocca, L. and Puppo, E.},
title =  {A Scale-Space Approach to the Morphological Simplification of Scalar Fields},
booktitle = {Proceedings Smart Tools and Applications in Graphics},
year = 2023,
editor = {Banterle, F. and Caggianese, G. and Capece, N. and Erra, U. and Lupinetti, K. and Manfredi, G.},
pages = {1--11}
}

@ARTICLE{Bremer:2004,
  author={Bremer, P.-T. and Hamann, B. and Edelsbrunner, H. and Pascucci, V.},
  journal={IEEE Transactions on Visualization and Computer Graphics}, 
  title={A topological hierarchy for functions on triangulated surfaces}, 
  year={2004},
  volume={10},
  number={4},
  pages={385-396},
}
